@article{epifania2021implicit,
title={Implicit social cognition through the years: The Implicit Association Test at age 21.},
author={Epifania, Ottavia M and Anselmi, Pasquale and Robusto, Egidio},
journal={Psychology of Consciousness: Theory, Research, and Practice},
year={2021},
doi={https://doi.org/10.1037/cns0000305},
publisher={Educational Publishing Foundation}
}

@article{epifania2020dscoreapp,
  title={Dscoreapp: A shiny web application for the computation of the implicit association test d-score},
  author={Epifania, Ottavia M and Anselmi, Pasquale and Robusto, Egidio},
  journal={Frontiers in Psychology},
  volume={10},
  pages={489006},
  year={2020},
  publisher={Frontiers}
}